@book{claudio,
    author       = "Becchetti, C. and Prina, L.",
    title        = "Speech Recognition: Theory and C++ Implementation ",
    year         = "1999",
    publisher    = "Wiley",
    address      = "Canada"
}

@article{cosentino,
    author       = "Cosentino L.",
    title        = "Control de Accesos. Negocios de Seguridad",
    volume       = "49",
    pages        = "172--184",
    year         = "2016"
}

@misc{stephen,
    author       = "Cook, S.",
	title        = "Speech Recognition HOWTO",
    howpublished = "\url{http://www.tldp.org/HOWTO/Speech-Recognition-HOWTO/inside.html}",
    year         = "2002"
}

@article{luis,
    author       = "Cruz, L.",
    title        = "Aplicación del Reconocimiento de Voz de un Hablante Mediante una Red Neuronal Artificial Backpropagation y Coeficientes LPC sobre un Canal Telefónico",
    volume       = "1",
    pages        = "111--129",
    year         = "2009"
}

@book{luna,
    author       = "De Luna, O. and Martínez, R. and Mora G.",
    title        = "Reconocimiento de Voz con Redes Neuronales, DTW y Modelos Ocultos de Markov",
    year         = "2006",
    publisher    = "redalyc.org",
    address      = "México"
}

@book{henry,
    author       = "Ebla, H. and Inca, P.",
    title        = "Diseño e implementación de un filtro adaptativo mediante filtros Wiener para la cancelación de ruido en señales de audio",
    year         = "2016",
    publisher    = "Facultad de Ingeniería, Universidad Nacional de Chimborazo",
    address      = "Ecuador"
}

@book{franco,
    author       = "Franco, J.",
    title        = "Reconocimiento de Voz para Niños con Discapacidad en el Habla",
    year         = "2010",
    publisher    = "Ingeniería en Electrónica y Computadoras, Universidad de las Américas Puebla",
    address      = "México"
}

@article{furui,
    author       = "Furui, S.",
    title        = "Cepstral analysis technique for automatic speaker verification",
    volume       = "1",
    pages        = "254--272",
    year         = "1981"
}

@book{orlando,
    author       = "Guevara, J. and Salazar, J.",
    title        = "Extracción de Características en el Procesamiento Digital de una Señal para el Mejoramiento del Reconocimiento Automatico del Habla usando Wavelets.",
    year         = "2007",
    publisher    = "Escuela de Informática, Facultad de Ciencias Físicas Y Matemáticas, Universidad Nacional de Trujillo",
    address      = "Perú"
}

@book{harrington,
    author       = "Harrington, J.",
    title        = "Techniques in Speech Acoustics",
    year         = "1999",
    publisher    = "Kluwer Academic Publishers",
    address      = "Canada"
}

@book{xuedong,
    author       = "Huang, X. and Acero, A. and Hon, H.",
    title        = "Spoken Language Processing: A Guide to Theory, Algorithm, and System Development",
    year         = "2001",
    publisher    = "Carnegie Mellon University",
    address      = "EE.UU"
}

@book{kaifu,
    author       = "Lee, K.",
    title        = "Automatic Speech Recognition",
    year         = "1989",
    publisher    = "Springer",
    address      = "New York"
}

@misc{joaquim,
    author       = "Llisterri, J.",
	title        = "Las características acústicas de los sonidos del habla",
    howpublished = "\url{http://liceu.uab.es/~joaquim/phonetics/fon_anal_acus/fon_acust.html}",
    year         = "2018"
}

@misc{mathematics,
    author       = "Mathematics",
	title        = "Normalisation of a range of numbers to another range",
    howpublished = "\url{https://math.stackexchange.com/questions/1554078/normalisation-of-a-range-of-numbers-to-another-range}",
    year         = "2015"
}

@article{rabiner3,
    author       = "Myers, C. and Rabiner, L. and Rosenberg, A.",
    title        = "Performance tradeoffs in dynamic time warping algorithms for isolated word recognition",
    volume       = "1",
    pages        = "623--635",
    year         = "1980"
}

@book{navarrete,
    author       = "Navarrete, O.",
    title        = "Sistema Automatizado de Iluminación de una Casa mediante Comandos de Voz",
    year         = "2013",
    publisher    = "Universidad Nacional Autónoma de México",
    address      = "México"
}

@book{tammy,
    author       = "Noergaard, T.",
    title        = "Embedded Systems Architecture",
    year         = "2012",
    publisher    = "Newnes",
    address      = "EE.UU"
}

@book{owens,
    author       = "Owens, F.",
    title        = "Signal processing of speech ",
    year         = "1993",
    publisher    = "McGraw-Hill",
    address      = "New York"
}

@book{eyra,
    author       = "Pérez, E. and Poceros, F. and Villalobos, J.",
    title        = "Sistema de Seguridad por Reconocimiento de Voz",
    year         = "2013",
    publisher    = "Escuela Superior de Ingeniería Mecánica y Eléctrica: Instituto Politécnico",
    address      = "México"
}

@article{rabiner2,
    author       = "Rabiner, L. and Rosenberg, A. and Levinson, S.",
    title        = "Considerations in dynamic time warping algorithms for discrete word recognition",
    volume       = "1",
    pages        = "575--582",
    year         = "1978"
}

@article{rabiner,
    author       = "Rabiner, L. and Sambur, M.",
    title        = "An algorithm for determining the endpoints of isolated utterances",
    volume       = "54",
    pages        = "297--315",
    year         = "1975"
}

@book{rama,
    author       = "Rama, A.",
    title        = "Procesamiento Digital de la Señal Sonora Utilizando Matlab",
    year         = "2007",
    publisher    = "Lulu.com",
    address      = "México"
}

@book{rowden,
    author       = "Rowden, C.",
    title        = "Speech Processing",
    year         = "1992",
    publisher    = "Mcgraw-Hill",
    address      = "EE.UU"
}

@article{sakoe,
    author       = "Sakoe, H. and Chiba, S.",
    title        = "Dynamic programming algorithm optimization for spoken word recognition",
    volume       = "1",
    pages        = "43--49",
    year         = "1978"
}

@misc{hugo,
    author       = "Sanchez, H.",
	title        = "Ventajas y Desventajas de los Controles Biométricos",
    howpublished = "\url{http://controlbiometricodigital.blogspot.com/2015/07/ventajas-y-desventajas-de-los-controles.html}",
    year         = "2015"
}

@book{manfred,
    author       = "Schroeder, M.",
    title        = "Statistical Methods for Speech Recognition (Language, Speech, and Communication)",
    year         = "1998",
    publisher    = "University Press Group Ltd",
    address      = "EE.UU"
}

@article{shubhra,
    author       = "Shubhra, D.",
    title        = "LMS Adaptive Filters for Noise Cancellation",
    volume       = "7",
    pages        = "2520--2529",
    year         = "2017"
}

@book{simon,
    author       = "Simón, G.",
    title        = "Filtro adaptivo LMS y su aplicación en el reconocimiento de palabras aisladas para el control de un equipo de sonido por medio de la voz",
    year         = "2011",
    publisher    = "Facultad de Ciencias e Ingeniería, Universidad Pontificia Católica del Perú",
    address      = "Perú"
}

@misc{timetoast2010,
    author       = "Time Toast",
	title        = "La historia de los Sistemas de Reconocimiento de Voz",
    howpublished = "\url{https://www.timetoast.com/timelines/la-historia-de-los-sistemas-de-reconocimiento-de-voz}",
    year         = "2018"
}

@misc{unam,
    author       = "UNAM",
	title        = "Laboratorio de Procesamiento Digital de Voz, Detección de Inicio y Fin de Palabra",
    howpublished = "\url{http://profesores.fi-b.unam.mx/procvoz/Practicas/Practica03.pdf}",
    year         = "2015"
}

@book{varela,
    author       = "Varela, O.",
    title        = "Técnicas de análisis, caracterización y detección de señales de voz en entornos acústicos adversos",
    year         = "2011",
    publisher    = "Telecomunicación UPM",
    address      = "Archivo Digital UPM"
}

@book{genoveva,
    author       = "Velásquez, G.",
    title        = "Sistema de Reconocimiento de Voz en Matlab",
    year         = "2008",
    publisher    = "Escuela de Ingeniería Mecánica Eléctrica, Facultad de Ingeniería, Universidad de San Carlos de Guatemala",
    address      = "Guatemala"
}

@misc{wikipedia1,
    author       = "Wikipedia",
	title        = "Formante",
    howpublished = "\url{https://es.wikipedia.org/wiki/Formante}",
    year         = "2016"
}

@book{walter,
    author       = "Zelaya, W.",
    title        = "Diseño de un filtro digital adaptativo como cancelador de ruido basado en el algoritmo LMS",
    year         = "2004",
    publisher    = "Facultad de Ingeniería y Arquitectura, Universidad del Salvador",
    address      = "El Salvador"
}

@book{frederick,
    author       = "Jelinek, F.",
    title        = "Computer Speech: Recognition, Compression, Synthesis",
    year         = "2004",
    publisher    = "Springer Science \& Business Media",
    address      = "Germany"
}

@book{perez,
    author       = "Perez, E. and Villalobos, J.",
    title        = "Sistema de Seguridad Por Reconocimiento de Voz",
    year         = "2013",
    publisher    = "Instituto Politécnico Nacional",
    address      = "México"
}